@Article{Larsen2017,
author="Larsen, Britt {\O}stergaard",
title="Educational Outcomes After Serving with Electronic Monitoring: Results from a Natural Experiment",
journal="Journal of Quantitative Criminology",
year="2017",
month="Mar",
day="01",
volume="33",
number="1",
pages="157--178",
abstract="The paper explores the effects of electronic monitoring (EM) on young offenders' educational outcomes and contributes to the evaluation of EM as a non-custodial sanction with a new outcome measure.",
issn="1573-7799",
doi="10.1007/s10940-016-9287-8",
url="https://doi.org/10.1007/s10940-016-9287-8"
}

