@article{article,
author = {Sherman, Lawrence and Strang, Heather},
year = {2012},
month = {01},
pages = {},
title = {Restorative Justice as Evidence-Based Sentencing},
journal = {The Oxford Handbook of Sentencing and Corrections},
doi = {10.1093/oxfordhb/9780199730148.013.0009}
}