@article{article,
author = {Waldfogel, Joel},
year = {1991},
month = {11},
pages = {151-154},
title = {Aggregate inter-judge disparity in federal sentencing: evidence from three districts},
volume = {4},
journal = {Federal Sentencing Reporter},
doi = {10.2307/20639431}
}