@article {24681,
	title = {How Should Inmates Be Released From Prison? An Assessment of Parole Versus Fixed Sentence Regimes},
	journal = {Quarterly Journal of Economics},
	volume = {128},
	number = {1},
	year = {2013},
	pages = {371-424},
	author = {Ilyana Kuziemko}
}
