@article{Andersen2014,
author = {Andersen, Lars H. and Andersen, Signe H.},
title = {Effect of Electronic Monitoring on Social Welfare Dependence},
journal = {Criminology \& Public Policy},
volume = {13},
number = {3},
pages = {349-379},
keywords = {causal inference, electronic monitoring, noncustodial alternatives to imprisonment, register data, unemployment, welfare dependence},
doi = {10.1111/1745-9133.12087},
url = {https://onlinelibrary.wiley.com/doi/abs/10.1111/1745-9133.12087},
eprint = {https://onlinelibrary.wiley.com/doi/pdf/10.1111/1745-9133.12087},
year = {2014}
}

@article {Kuziemko2013,
	title = {How Should Inmates Be Released From Prison? An Assessment of Parole Versus Fixed Sentence Regimes},
	journal = {Quarterly Journal of Economics},
	volume = {128},
	number = {1},
	year = {2013},
	pages = {371-424},
	author = {Ilyana Kuziemko}
}

@article{Rafael2004,
 ISSN = {15287084},
 URL = {http://www.jstor.org/stable/25067409},
 author = {Steven Raphael and Michael A. Stoll and Mark Duggan and Anne Morrison Piehl},
 journal = {Brookings-Wharton Papers on Urban Affairs},
 pages = {207--255},
 publisher = {Brookings Institution Press},
 title = {The Effect of Prison Releases on Regional Crime Rates [with Comments]},
 year = {2004}
}


@article{bayer2009can,
  title={Can we crystallize a cellulosome},
  author={Bayer, EA and Smith, SP and Noach, I and Alber, O and Adams, JJ and Lamed, R and Shimon, LJW and Frolow, F},
  journal={Biotechnology of lignocellulose degradation and biomass utilization},
  volume={183},
  pages={205},
  year={2009},
  publisher={Ito Print Publishing}
}


@book{adams1995hitchhiker,
  title={The Hitchhiker's Guide to the Galaxy},
  author={Adams, D.},
  isbn={9781417642595},
  url={http://books.google.com/books?id=W-xMPgAACAAJ},
  year={1995},
  publisher={San Val}
}

@article{article,
author = {Sherman, Lawrence and Strang, Heather},
year = {2012},
month = {01},
pages = {},
title = {Restorative Justice as Evidence-Based Sentencing},
journal = {The Oxford Handbook of Sentencing and Corrections},
doi = {10.1093/oxfordhb/9780199730148.013.0009}
}

@article{Waldfogel91,
author = "Waldfogel, Joel",
year = "1991",
month = "11",
pages = "151-154",
title = "Aggregate inter-judge disparity in federal sentencing: evidence from three districts",
volume = "4",
journal = "Federal Sentencing Reporter",
}

@article{Larsen2017,
author="Larsen, Britt {\O}stergaard",
title="Educational Outcomes After Serving with Electronic Monitoring: Results from a Natural Experiment",
journal="Journal of Quantitative Criminology",
year="2017",
month="Mar",
day="01",
volume="33",
number="1",
pages="157--178",
abstract="The paper explores the effects of electronic monitoring (EM) on young offenders' educational outcomes and contributes to the evaluation of EM as a non-custodial sanction with a new outcome measure.",
issn="1573-7799",
doi="10.1007/s10940-016-9287-8",
url="https://doi.org/10.1007/s10940-016-9287-8"
}

@article{Becker1968,
author = {Becker, Gary S.},
title = {Crime and Punishment: An Economic Approach},
journal = {Journal of Political Economy},
volume = {76},
number = {2},
pages = {169-217},
year = {1968},
doi = {10.1086/259394},
URL = {https://doi.org/10.1086/259394},
eprint = {https://doi.org/10.1086/259394}}

@article{The_Analytics_Edge2016,
author = {MIT},
title = {MITx 15.071x - The Analytics Edge},
URL = {https://courses.edx.org/courses/course-v1:MITx+15.071x_3+1T2016/course/},
year = {2016}
}
