





@article{doi:10.1086/259394,
author = {Becker, Gary S.},
title = {Crime and Punishment: An Economic Approach},
journal = {Journal of Political Economy},
volume = {76},
number = {2},
pages = {169-217},
year = {1968},
doi = {10.1086/259394},

URL = { 
        https://doi.org/10.1086/259394
    
},
eprint = { 
        https://doi.org/10.1086/259394
    
}

}


